1256 2352
133 59 472 130 ‘caturcum
556 87 588 125 m

19 161 136 213 deblaterat
150 175 228 207 vacuus
242 159 303 207 omni
313 160 404 206 Timore
413 161 455 206 Dei
464 157 591 206 hommum-

18 249 68 298 que.
83 228 107 276 Id
113 227 173 294 quod
183 224 413 292 MagistratuiPolitieo
423 224 591 274 noueratseren·

19 301 80 346 dum.
98 299 171 342 Tanta
182 294 347 359 quippelicentia
352 291 452 359 gliscente
462 310 488 339 ne
493 295 589 342 maxima

20 364 107 432 quidem
118 361 234 408 autoritatis
248 358 315 408 homo
326 364 364 407 erit
375 363 398 408 iu
411 358 494 411 mundo
509 375 566 407 tutus
581 357 593 406 a

21 429 143 479 Theoninis
153 427 316 476 Diabolicorum
327 425 441 475 istiusmodi
451 428 591 476 calumniato-

22 495 183 547 rumdentibua.
200 495 266 558 Qod
272 511 340 560 quum
352 496 465 561 Magnates
476 493 514 558 ipsr
524 493 595 541 nemi-

22 582 73 614 nem
84 565 158 612 talium
164 560 225 608 samae
231 562 355 628 praedonum
361 560 414 609 maie
420 559 548 619 formident,
562 558 596 607 sed

21 631 61 682 suis
73 632 144 696 longis
155 627 204 675 sreti
214 629 310 676 manibus
320 627 339 675 se
349 628 375 676 ab
389 628 474 675 illorum
486 627 597 675 calumniis

22 698 105 749 securos
121 693 235 762 praestent;
251 695 402 747 connivendo,
418 695 496 742 malum
507 694 598 759 permit-

23 781 86 823 tunt,
102 766 137 812 eui
147 762 261 810 remedium
273 764 366 810 invenire
373 762 431 809 nullo
436 764 528 827 negocio
534 774 598 826 pote-

24 848 79 882 rant.
95 833 155 878 Hine
165 827 290 895 passtmsunt
296 831 333 896 qui
342 831 458 877 Veritatem
469 827 597 893 persequun-

25 905 229 947 tut&tantumnoo
239 900 369 963 opprimunt.
384 897 473 944 Atenim
482 897 542 942 Deus
557 892 593 957 qui
619 886 624 895 ⁴

25 965 91 1033 justus
97 964 138 1024 est,
153 965 221 1030 impiis
227 982 271 1012 non
277 962 406 1021 adulabitur,
418 959 493 1010 sedsuo
499 975 595 1024 tempore

25 1033 125 1083 extendet
136 1032 229 1079 dextram
239 1030 320 1094 justitiae
332 1030 357 1078 ad
363 1028 493 1096 puniendum
504 1025 593 1074 citratos*

26 1103 69 1151 lam
89 1093 254 1160 ωροσωποληψίαν
267 1097 404 1164 persecutores
419 1095 528 1143 veritatis:
549 1092 592 1139 Cui

25 1170 75 1219 Deo
87 1186 138 1215 meo
149 1184 191 1233 ego
203 1182 294 1231 quoque
300 1165 403 1211 ultionem
414 1161 525 1208 committo
530 1173 593 1224 atquc

26 1234 168 1285 commendo,
184 1235 260 1298 quippe
269 1232 306 1296 qui
312 1230 505 1296 nonpraetermittet
515 1224 593 1271 seune-

26 1305 333 1369 gligetopportunumtempus
345 1294 496 1343 tuendisuosae
503 1292 594 1356 pontem

27 1370 49 1418 di
55 1365 169 1416 maleficos.
184 1366 250 1414 Hunc
259 1362 380 1412 Discutiunt
391 1363 415 1409 de
424 1362 493 1425 impiis
498 1357 594 1405 Libello-

27 1454 76 1485 rum
93 1429 229 1482 Famosorum
245 1430 352 1478 autoribus
366 1425 520 1491 Diabolieisque
534 1421 594 1470 samaa

28 1499 162 1569 praedonibus
173 1494 207 1545 hic
213 1499 291 1545 exaravi
298 1495 436 1544 verbosiorem
442 1491 506 1558 quam
516 1489 595 1536 serebat

29 1567 145 1619 voluntatis
156 1563 283 1612 institutum.
303 1567 374 1628 Itaque
385 1558 488 1627 proxime,
499 1560 548 1604 Deo
554 1574 595 1603 vo*

29 1640 86 1685 lente
97 1672 104 1693 ‚
120 1632 145 1681 de
156 1629 274 1694 hujusmodi
285 1627 403 1695 Hypothesr
414 1624 461 1675 alibi
473 1637 545 1692 agetur
559 1620 596 1671 su-

31 1704 79 1752 stus.

62 1772 201 1818 Revertamur
210 1770 252 1826 jam
257 1762 283 1810 ad
288 1759 430 1828 propositum,
445 1754 601 1808 demonstratm

32 1840 61 1889 ri,
74 1835 133 1903 quod
144 1851 190 1882 non
205 1830 289 1880 tantum
301 1835 333 1886 Θ,
345 1826 379 1875 sed
391 1828 454 1874 etiam
464 1826 527 1871 rarius
537 1818 601 1886 quid,

33 1907 135 1952 nimirum
146 1918 194 1947 vera
199 1898 303 1945 Tintiura
309 1897 331 1944 in
337 1893 438 1959 lapidibus
449 1891 474 1939 srt
480 1887 601 1942 recondita,

33 1987 97 2038 atque
111 1972 165 2016 Arte
185 1963 333 2012 obstetricante
352 1979 377 2007 ex
387 1962 430 2017 iilis¹
440 1956 520 2006 extrahi
530 1951 603 2020 poffit,

33 2034 191 2108 quodAntiqui
196 2031 228 2079 his
234 2030 300 2079 verbis
305 2030 431 2074 innuerunt:

104 2097 301 2168 Aaroqaidmelam?
317 2091 378 2160 siis
389 2093 433 2142 &u
592 2150 604 2202 d

319 2164 337 2210 Β
354 2180 363 2226 3
538 2159 590 2217 QO
