1260 2280
141 34 458 96 Carnicum
544 23 578 103 η

14 137 46 190 ita
63 133 137 182 dicunt
149 137 170 179 &
181 128 276 177 scribunt
286 129 330 176 veri
341 125 470 193 Philosophi.
491 131 580 177 Arenim

15 201 119 269 Sophiste
127 200 175 264 (qui
181 214 217 262 per
223 193 351 243 crimensalsi
358 208 441 259 captant
447 213 526 242 nornen
532 195 583 243 Phi-
606 218 607 221 ¹

16 268 111 334 Iosophi‚
122 266 243 331 divagantes
254 262 281 308 ab
292 263 338 310 aula
348 260 373 309 ad
383 261 466 319 aulam,
480 261 515 308 ubi
525 261 582 310 suam

17 336 112 389 offerunt
124 344 207 397 operam
213 332 238 378 ad
249 327 398 395 acquirendum
405 328 505 393 Lapidem
511 328 583 376 Pbiso*

20 402 147 470 sophorum)
154 398 241 446 credulis
247 394 382 463 Magnetibus
391 412 427 459 per
436 394 584 446 mendaeessa.

20 474 81 522 bulas
92 465 212 534 persuadent
223 485 229 519 3
249 464 360 511 Materiam
374 462 454 527 Lapidis
466 460 505 514 esse
520 463 585 509 udin

21 540 64 588 hoe
80 537 114 584 vel
127 536 164 591 illo
179 535 226 580 loco
241 545 277 578 aut
290 542 379 586 monte,
393 527 442 592 putei
457 529 585 595 Hungariae,

23 601 196 668 Tronsylvariiae,
217 597 305 648 sinen,
323 596 377 660 sylva
389 596 510 660 Hercynia,
531 594 586 660 sylva

23 671 151 735 Thuringiae
161 681 197 713 aut
205 663 310 712 bohemiae
320 697 327 719 ‚
339 662 371 709 vel
381 663 402 706 in
410 660 496 727 scopulis
508 663 585 710 Sueciae

25 753 63 788 aut
78 735 190 800 Norvegia‘
202 731 275 780 alibive
290 727 437 794 inquirendam.
456 730 498 774 Alii
512 726 585 775 contri

25 805 114 856 credulis
120 802 201 865 reliquis
207 796 338 865 persuadent,
348 795 444 860 Lapidem
450 792 586 859 Philosopho-

26 890 76 921 nmr
90 866 184 918 nonnisi
197 884 221 913 ex
236 869 297 913 Auro
308 864 414 909 communi
422 862 458 908 ess'e
472 858 585 908 conficien-

1 939 2 942 ’
26 941 92 996 dum,
107 942 129 985 ὃ(
140 933 225 1002 proinde
236 927 405 979 iMecoenatibns
414 924 448 974 seu
454 929 543 992 patronis
548 943 585 991 pe·

27 1005 120 1059 euniosrs
125 1004 211 1069 exigunt
217 996 270 1046 Auri
275 1016 320 1045 non
332 997 495 1060 aliquotuncias‚
508 993 585 1040 sedali-

27 1090 83 1142 quot
92 1072 164 1128 librar,
180 1081 203 1115 ut
208 1064 234 1113 eb
241 1068 286 1130 plus
292 1068 313 1112 in
319 1063 440 1111 Laborantis
450 1060 586 1107 commodum

28 1142 95 1190 cedat.
124 1132 239 1185 istiusmodi
255 1126 502 1195 pseudophilosophorum
522 1143 587 1172 unum

29 1204 146 1273 nuperrime
151 1203 193 1250 boc
199 1199 294 1246 nostrum
300 1197 352 1246 vidit
357 1194 546 1250 Amsteiodamum‚
554 1193 590 1255 qui

30 1270 172 1340 persuadendo
184 1280 307 1312 mercatores
312 1260 410 1328 quosdam
418 1278 433 1307 x
443 1277 458 1306 x
468 1277 477 1307 1
488 1276 505 1305 1.
517 1253 590 1304 beffib.

30 1326 590 1393 seumareisauriemunxitadperficiendumexislisLa—

32 1398 290 1475 pidemPhilosophorum.
305 1398 341 1441 Ille
352 1394 435 1459 quidem
441 1409 478 1455 pro
490 1407 547 1436 more
554 1387 592 1435 suo

32 1491 109 1525 eoram
118 1464 266 1516 mercatoribus
272 1464 310 1509 iilis
316 1462 424 1507 Materiam
435 1458 503 1504 datam
510 1454 594 1502 vasrimss

34 1540 105 1609 posuit
116 1573 124 1594 ‚
140 1532 209 1583 dando
220 1534 293 1596 ignem
304 1527 430 1574 diuturnum.
470 1540 520 1568 uum
527 1535 595 1567 autem

35 1608 106 1657 multo
118 1617 212 1667 tempore
224 1594 291 1661 elapso
302 1593 379 1641 studius
390 1590 470 1637 adausii
480 1588 554 1634 demeti
559 1585 596 1632 de-

36 1675 123 1723 berem,
134 1670 180 1725 iile,
191 1662 251 1731 quise
257 1680 295 1727 pro
302 1656 425 1722 Philosopbo
431 1668 512 1722 egerat,
523 1652 541 1699 se
550 1651 598 1697 bine

36 1744 60 1790 in
66 1754 143 1789 terram
149 1733 214 1783 neseio
222 1748 286 1797 quam
291 1723 416 1775 clandestino
429 1722 528 1787 proripuit
538 1736 560 1766 ac
568 1734 601 1762 re-

36 1809 91 1857 verti
96 1805 164 1854 noluit
169 1800 195 1849 ad
200 1794 315 1847 eximendis
321 1795 364 1842 illas
375 1808 389 1837 x
400 1806 414 1835 x
426 1805 435 1834 1
448 1806 466 1834 r.
477 1802 554 1833 marcas
565 1784 604 1830 au*>

2 1891 11 1931 Q
37 1878 63 1924 ri.
79 1879 152 1938 Itaque
163 1879 285 1915 mercatores
290 1862 318 1908 illi
324 1878 357 1908 eas
363 1857 463 1904 exemturi
472 1853 537 1900 nullas
543 1866 603 1914 repe-

40 1956 114 1991 rerunt
125 1946 182 1986 Aves
192 1934 258 1989 Solis,
275 1926 309 1975 sed
319 1936 441 1977 evacuatum
451 1920 600 1967 nidamentumr

40 2009 110 2058 Nidus
116 2002 184 2054 adhue
190 2001 231 2047 loci
237 1995 301 2046 inbac
307 1994 358 2041 urbe
369 1996 420 2053 jacet
426 2004 503 2036 vacuus
515 2021 522 2043 ‚
537 1998 602 2046 neque

42 2073 153 2146 quisquam
163 2085 217 2121 unu-s
229 2051 602 2133 estquisciatilluminusussuoscom

309 2130 329 2180 Β
372 2125 394 2132 ”
464 2124 469 2127 ”
557 2129 603 2167 ver*
