<?xml version="1.0" encoding="UTF-8"?>
<!DOCTYPE html PUBLIC "-//W3C//DTD XHTML 1.0 Transitional//EN"
    "http://www.w3.org/TR/xhtml1/DTD/xhtml1-transitional.dtd">
<html xmlns="http://www.w3.org/1999/xhtml" xml:lang="en" lang="en">
 <head>
  <title>
</title>
<meta http-equiv="Content-Type" content="text/html;charset=utf-8" />
  <meta name='ocr-system' content='tesseract 3.04.00' />
  <meta name='ocr-capabilities' content='ocr_page ocr_carea ocr_par ocr_line ocrx_word'/>
</head>
<body>
  <div class='ocr_page' id='page_1' title='image "./novumlumenchymi00glaugoog_0018.png"; bbox 0 0 1319 2356; ppageno 0'>
   <div class='ocr_carea' id='block_1_1' title="bbox 43 41 478 105">
    <p class='ocr_par' dir='ltr' id='par_1_1' title="bbox 43 41 478 105">
     <span class='ocr_line' id='line_1_1' title="bbox 43 41 478 105; baseline -0.009 0"><span class='ocrx_word' id='word_1_1' title='bbox 43 56 77 105; x_wconf 73' lang='lat' dir='ltr'>1ss</span> <span class='ocrx_word' id='word_1_2' title='bbox 177 41 317 101; x_wconf 79' lang='lat' dir='ltr'>Novum</span> <span class='ocrx_word' id='word_1_3' title='bbox 337 50 478 101; x_wconf 71' lang='lat' dir='ltr'>Lumen</span> 
     </span>
    </p>
   </div>
   <div class='ocr_carea' id='block_1_2' title="bbox 41 135 639 2105">
    <p class='ocr_par' dir='ltr' id='par_1_2' title="bbox 41 135 639 2105">
     <span class='ocr_line' id='line_1_2' title="bbox 41 135 638 202; baseline -0.003 -18"><span class='ocrx_word' id='word_1_4' title='bbox 41 151 134 185; x_wconf 84' lang='lat' dir='ltr'>vertere.</span> <span class='ocrx_word' id='word_1_5' title='bbox 155 136 226 202; x_wconf 72' lang='lat' dir='ltr'>Qu</span> <span class='ocrx_word' id='word_1_6' title='bbox 236 135 371 201; x_wconf 81' lang='lat' dir='ltr'>siimpostori</span> <span class='ocrx_word' id='word_1_7' title='bbox 378 152 509 184; x_wconf 79' lang='lat' dir='ltr'>mercatores</span> <span class='ocrx_word' id='word_1_8' title='bbox 516 140 546 190; x_wconf 83' lang='lat' dir='ltr'>illi</span> <span class='ocrx_word' id='word_1_9' title='bbox 557 140 638 193; x_wconf 58' lang='lat' dir='ltr'>dunta-</span> 
     </span>
     <span class='ocr_line' id='line_1_3' title="bbox 44 200 639 271; baseline 0.013 -18"><span class='ocrx_word' id='word_1_10' title='bbox 44 221 81 253; x_wconf 82' lang='lat' dir='ltr'>xat</span> <span class='ocrx_word' id='word_1_11' title='bbox 92 222 134 271; x_wconf 80' lang='lat' dir='ltr'>prae</span> <span class='ocrx_word' id='word_1_12' title='bbox 143 222 212 252; x_wconf 89' lang='lat' dir='ltr'>manu</span> <span class='ocrx_word' id='word_1_13' title='bbox 220 222 239 252; x_wconf 85' lang='lat'>2.</span> <span class='ocrx_word' id='word_1_14' title='bbox 246 221 283 252; x_wconf 82' lang='lat' dir='ltr'>aut</span> <span class='ocrx_word' id='word_1_15' title='bbox 289 203 314 249; x_wconf 83' lang='lat' dir='ltr'>ad</span> <span class='ocrx_word' id='word_1_16' title='bbox 319 200 429 252; x_wconf 85' lang='lat' dir='ltr'>summurn</span> <span class='ocrx_word' id='word_1_17' title='bbox 438 223 459 270; x_wconf 76' lang='lat'>3.</span> <span class='ocrx_word' id='word_1_18' title='bbox 470 211 543 257; x_wconf 86' lang='lat' dir='ltr'>uncias</span> <span class='ocrx_word' id='word_1_19' title='bbox 549 213 593 258; x_wconf 86' lang='lat' dir='ltr'>auri</span> <span class='ocrx_word' id='word_1_20' title='bbox 600 213 639 261; x_wconf 67' lang='lat' dir='ltr'>de«</span> 
     </span>
     <span class='ocr_line' id='line_1_4' title="bbox 46 270 636 335; baseline 0.012 -14"><span class='ocrx_word' id='word_1_21' title='bbox 46 272 142 330; x_wconf 72' lang='lat' dir='ltr'>distent,</span> <span class='ocrx_word' id='word_1_22' title='bbox 162 287 227 320; x_wconf 79' lang='lat' dir='ltr'>tanto</span> <span class='ocrx_word' id='word_1_23' title='bbox 242 270 351 335; x_wconf 87' lang='lat' dir='ltr'>dispendio</span> <span class='ocrx_word' id='word_1_24' title='bbox 367 275 468 322; x_wconf 71' lang='lat' dir='ltr'>muletati</span> <span class='ocrx_word' id='word_1_25' title='bbox 482 293 529 324; x_wconf 89' lang='lat' dir='ltr'>non</span> <span class='ocrx_word' id='word_1_26' title='bbox 544 278 636 328; x_wconf 78' lang='lat' dir='ltr'>fuissent.</span> 
     </span>
     <span class='ocr_line' id='line_1_5' title="bbox 49 337 637 408; baseline 0.012 -19"><span class='ocrx_word' id='word_1_27' title='bbox 49 340 106 408; x_wconf 74' lang='lat' dir='ltr'>Qud</span> <span class='ocrx_word' id='word_1_28' title='bbox 112 339 164 389; x_wconf 73' lang='lat' dir='ltr'>vero</span> <span class='ocrx_word' id='word_1_29' title='bbox 170 340 336 405; x_wconf 58' lang='lat' dir='ltr'>praecipitantius</span> <span class='ocrx_word' id='word_1_30' title='bbox 342 337 434 387; x_wconf 80' lang='lat' dir='ltr'>vestibus</span> <span class='ocrx_word' id='word_1_31' title='bbox 442 342 503 406; x_wconf 88' lang='lat' dir='ltr'>ipsius</span> <span class='ocrx_word' id='word_1_32' title='bbox 513 345 637 395; x_wconf 76' lang='lat' dir='ltr'>holosericis</span> 
     </span>
     <span class='ocr_line' id='line_1_6' title="bbox 47 405 637 473; baseline 0.007 -13"><span class='ocrx_word' id='word_1_33' title='bbox 47 429 72 460; x_wconf 78' lang='lat' dir='ltr'>ae</span> <span class='ocrx_word' id='word_1_34' title='bbox 78 412 189 458; x_wconf 89' lang='lat' dir='ltr'>lenociniis</span> <span class='ocrx_word' id='word_1_35' title='bbox 195 405 312 453; x_wconf 78' lang='lat' dir='ltr'>rethorum</span> <span class='ocrx_word' id='word_1_36' title='bbox 318 407 405 473; x_wconf 74' lang='lat' dir='ltr'>byssinis</span> <span class='ocrx_word' id='word_1_37' title='bbox 412 409 557 473; x_wconf 76' lang='lat' dir='ltr'>crediderunt,</span> <span class='ocrx_word' id='word_1_38' title='bbox 568 414 637 464; x_wconf 74' lang='lat' dir='ltr'>eoin-</span> 
     </span>
     <span class='ocr_line' id='line_1_7' title="bbox 49 473 637 546; baseline 0.012 -21"><span class='ocrx_word' id='word_1_39' title='bbox 49 477 173 526; x_wconf 87' lang='lat' dir='ltr'>tolerantius</span> <span class='ocrx_word' id='word_1_40' title='bbox 185 473 269 538; x_wconf 86' lang='lat' dir='ltr'>decepti</span> <span class='ocrx_word' id='word_1_41' title='bbox 278 473 334 522; x_wconf 83' lang='lat' dir='ltr'>sunt.</span> <span class='ocrx_word' id='word_1_42' title='bbox 355 479 426 522; x_wconf 84' lang='lat' dir='ltr'>Verus</span> <span class='ocrx_word' id='word_1_43' title='bbox 437 476 577 546; x_wconf 77' lang='lat' dir='ltr'>Philosophus</span> <span class='ocrx_word' id='word_1_44' title='bbox 587 497 637 533; x_wconf 50' lang='lat' dir='ltr'>tan*</span> 
     </span>
     <span class='ocr_line' id='line_1_8' title="bbox 50 540 636 616; baseline -0.003 -21"><span class='ocrx_word' id='word_1_45' title='bbox 50 563 75 594; x_wconf 85' lang='lat' dir='ltr'>to</span> <span class='ocrx_word' id='word_1_46' title='bbox 87 546 131 593; x_wconf 84' lang='lat' dir='ltr'>auri</span> <span class='ocrx_word' id='word_1_47' title='bbox 142 542 168 588; x_wconf 78' lang='lat' dir='ltr'>ad</span> <span class='ocrx_word' id='word_1_48' title='bbox 179 540 239 587; x_wconf 79' lang='lat' dir='ltr'>sumn</span> <span class='ocrx_word' id='word_1_49' title='bbox 251 542 386 590; x_wconf 78' lang='lat' dir='ltr'>Medicinam</span> <span class='ocrx_word' id='word_1_50' title='bbox 392 563 439 591; x_wconf 89' lang='lat' dir='ltr'>non</span> <span class='ocrx_word' id='word_1_51' title='bbox 449 546 544 612; x_wconf 79' lang='lat' dir='ltr'>indiget,</span> <span class='ocrx_word' id='word_1_52' title='bbox 559 566 636 616; x_wconf 73' lang='lat' dir='ltr'>utpote</span> 
     </span>
     <span class='ocr_line' id='line_1_9' title="bbox 50 607 636 675; baseline 0.01 -13"><span class='ocrx_word' id='word_1_53' title='bbox 50 617 83 663; x_wconf 87' lang='lat' dir='ltr'>eui</span> <span class='ocrx_word' id='word_1_54' title='bbox 95 628 144 659; x_wconf 92' lang='lat' dir='ltr'>cum</span> <span class='ocrx_word' id='word_1_55' title='bbox 155 607 207 660; x_wconf 83' lang='lat' dir='ltr'>suis,</span> <span class='ocrx_word' id='word_1_56' title='bbox 220 609 235 655; x_wconf 87' lang='lat' dir='ltr'>li</span> <span class='ocrx_word' id='word_1_57' title='bbox 243 609 284 675; x_wconf 88' lang='lat' dir='ltr'>ipse</span> <span class='ocrx_word' id='word_1_58' title='bbox 295 629 362 658; x_wconf 76' lang='lat' dir='ltr'>unam</span> <span class='ocrx_word' id='word_1_59' title='bbox 373 610 449 659; x_wconf 85' lang='lat' dir='ltr'>saltem</span> <span class='ocrx_word' id='word_1_60' title='bbox 460 612 597 665; x_wconf 73' lang='lat' dir='ltr'>semiunciam</span> <span class='ocrx_word' id='word_1_61' title='bbox 609 621 636 668; x_wconf 86' lang='lat' dir='ltr'>ad</span> 
     </span>
     <span class='ocr_line' id='line_1_10' title="bbox 49 678 636 749; baseline 0.01 -22"><span class='ocrx_word' id='word_1_62' title='bbox 49 679 203 749; x_wconf 67' lang='lat' dir='ltr'>perfessionem</span> <span class='ocrx_word' id='word_1_63' title='bbox 214 678 323 743; x_wconf 76' lang='lat' dir='ltr'>perducit,</span> <span class='ocrx_word' id='word_1_64' title='bbox 335 698 374 745; x_wconf 86' lang='lat' dir='ltr'>per</span> <span class='ocrx_word' id='word_1_65' title='bbox 380 694 452 728; x_wconf 76' lang='lat' dir='ltr'>totam</span> <span class='ocrx_word' id='word_1_66' title='bbox 463 683 530 728; x_wconf 80' lang='lat' dir='ltr'>vitam</span> <span class='ocrx_word' id='word_1_67' title='bbox 536 681 636 746; x_wconf 79' lang='lat' dir='ltr'>sufficiat,</span> 
     </span>
     <span class='ocr_line' id='line_1_11' title="bbox 48 744 635 816; baseline 0.01 -21"><span class='ocrx_word' id='word_1_68' title='bbox 48 764 113 814; x_wconf 83' lang='lat' dir='ltr'>atque</span> <span class='ocrx_word' id='word_1_69' title='bbox 124 744 160 792; x_wconf 82' lang='lat' dir='ltr'>sua</span> <span class='ocrx_word' id='word_1_70' title='bbox 170 747 193 790; x_wconf 92' lang='lat' dir='ltr'>in</span> <span class='ocrx_word' id='word_1_71' title='bbox 205 763 272 792; x_wconf 76' lang='lat' dir='ltr'>manu</span> <span class='ocrx_word' id='word_1_72' title='bbox 283 745 321 798; x_wconf 84' lang='lat' dir='ltr'>sit,</span> <span class='ocrx_word' id='word_1_73' title='bbox 337 746 411 795; x_wconf 75' lang='lat' dir='ltr'>denuo</span> <span class='ocrx_word' id='word_1_74' title='bbox 421 748 513 796; x_wconf 82' lang='lat' dir='ltr'>eandem</span> <span class='ocrx_word' id='word_1_75' title='bbox 523 748 635 816; x_wconf 79' lang='lat' dir='ltr'>perficere,</span> 
     </span>
     <span class='ocr_line' id='line_1_12' title="bbox 49 812 637 882; baseline 0.007 -20"><span class='ocrx_word' id='word_1_76' title='bbox 49 812 221 881; x_wconf 70' lang='lat' dir='ltr'>quotiescunque</span> <span class='ocrx_word' id='word_1_77' title='bbox 233 813 342 862; x_wconf 77' lang='lat' dir='ltr'>necessitas</span> <span class='ocrx_word' id='word_1_78' title='bbox 354 815 488 882; x_wconf 82' lang='lat' dir='ltr'>poposcerit,</span> <span class='ocrx_word' id='word_1_79' title='bbox 502 819 531 864; x_wconf 83' lang='lat' dir='ltr'>ita</span> <span class='ocrx_word' id='word_1_80' title='bbox 542 819 575 864; x_wconf 87' lang='lat' dir='ltr'>uti</span> <span class='ocrx_word' id='word_1_81' title='bbox 586 838 637 867; x_wconf 82' lang='lat' dir='ltr'>cau-</span> 
     </span>
     <span class='ocr_line' id='line_1_13' title="bbox 47 881 638 935; baseline 0.01 -6"><span class='ocrx_word' id='word_1_82' title='bbox 47 885 92 932; x_wconf 79' lang='lat' dir='ltr'>sam</span> <span class='ocrx_word' id='word_1_83' title='bbox 103 881 179 930; x_wconf 87' lang='lat' dir='ltr'>haheat</span> <span class='ocrx_word' id='word_1_84' title='bbox 190 882 274 928; x_wconf 82' lang='lat' dir='ltr'>nullam</span> <span class='ocrx_word' id='word_1_85' title='bbox 285 916 292 933; x_wconf 86' lang='lat'><em>,</em></span> <span class='ocrx_word' id='word_1_86' title='bbox 308 901 345 929; x_wconf 90' lang='lat' dir='ltr'>cur</span> <span class='ocrx_word' id='word_1_87' title='bbox 355 883 383 929; x_wconf 86' lang='lat' dir='ltr'>ah</span> <span class='ocrx_word' id='word_1_88' title='bbox 395 901 440 932; x_wconf 89' lang='lat' dir='ltr'>uno</span> <span class='ocrx_word' id='word_1_89' title='bbox 452 883 479 931; x_wconf 87' lang='lat' dir='ltr'>ad</span> <span class='ocrx_word' id='word_1_90' title='bbox 490 885 580 932; x_wconf 85' lang='lat' dir='ltr'>alterurn</span> <span class='ocrx_word' id='word_1_91' title='bbox 592 890 638 935; x_wconf 81' lang='lat' dir='ltr'>auri</span> 
     </span>
     <span class='ocr_line' id='line_1_14' title="bbox 48 950 637 1017; baseline 0.005 -19"><span class='ocrx_word' id='word_1_92' title='bbox 48 950 136 998; x_wconf 81' lang='lat' dir='ltr'>avidum</span> <span class='ocrx_word' id='word_1_93' title='bbox 148 965 272 1015; x_wconf 79' lang='lat' dir='ltr'>procurrat,</span> <span class='ocrx_word' id='word_1_94' title='bbox 288 950 430 1015; x_wconf 76' lang='lat' dir='ltr'>&amp;praenobili</span> <span class='ocrx_word' id='word_1_95' title='bbox 443 950 637 1017; x_wconf 74' lang='lat' dir='ltr'>Chymiaelabecu-</span> 
     </span>
     <span class='ocr_line' id='line_1_15' title="bbox 48 1018 637 1086; baseline 0.007 -20"><span class='ocrx_word' id='word_1_96' title='bbox 48 1022 92 1066; x_wconf 87' lang='lat' dir='ltr'>lam</span> <span class='ocrx_word' id='word_1_97' title='bbox 103 1019 220 1086; x_wconf 74' lang='lat' dir='ltr'>adspergat,</span> <span class='ocrx_word' id='word_1_98' title='bbox 231 1018 345 1083; x_wconf 84' lang='lat' dir='ltr'>eidemque</span> <span class='ocrx_word' id='word_1_99' title='bbox 356 1019 460 1067; x_wconf 83' lang='lat' dir='ltr'>invidiam</span> <span class='ocrx_word' id='word_1_100' title='bbox 472 1020 539 1067; x_wconf 88' lang='lat' dir='ltr'>totius</span> <span class='ocrx_word' id='word_1_101' title='bbox 555 1022 637 1070; x_wconf 89' lang='lat' dir='ltr'>Mundi</span> 
     </span>
     <span class='ocr_line' id='line_1_16' title="bbox 47 1085 637 1152; baseline 0.005 -17"><span class='ocrx_word' id='word_1_102' title='bbox 47 1087 137 1135; x_wconf 81' lang='lat' dir='ltr'>condet.</span> <span class='ocrx_word' id='word_1_103' title='bbox 155 1088 207 1133; x_wconf 85' lang='lat' dir='ltr'>Tali</span> <span class='ocrx_word' id='word_1_104' title='bbox 216 1085 351 1152; x_wconf 86' lang='lat' dir='ltr'>perditorum</span> <span class='ocrx_word' id='word_1_105' title='bbox 367 1105 392 1134; x_wconf 86' lang='lat' dir='ltr'>ac</span> <span class='ocrx_word' id='word_1_106' title='bbox 402 1086 552 1135; x_wconf 80' lang='lat' dir='ltr'>dissolutorum</span> <span class='ocrx_word' id='word_1_107' title='bbox 562 1088 637 1138; x_wconf 81' lang='lat' dir='ltr'>homi·</span> 
     </span>
     <span class='ocr_line' id='line_1_17' title="bbox 48 1153 637 1220; baseline 0 -16"><span class='ocrx_word' id='word_1_108' title='bbox 48 1174 102 1204; x_wconf 88' lang='lat' dir='ltr'>num</span> <span class='ocrx_word' id='word_1_109' title='bbox 109 1156 221 1218; x_wconf 85' lang='lat' dir='ltr'>manipulo</span> <span class='ocrx_word' id='word_1_110' title='bbox 228 1153 622 1220; x_wconf 78' lang='lat' dir='ltr'>Magnetesnonsemelfidemhabent</span> <span class='ocrx_word' id='word_1_111' title='bbox 627 1194 637 1217; x_wconf 86' lang='lat'>,</span> 
     </span>
     <span class='ocr_line' id='line_1_18' title="bbox 46 1221 637 1291; baseline 0 -19"><span class='ocrx_word' id='word_1_112' title='bbox 46 1226 111 1291; x_wconf 84' lang='lat' dir='ltr'>idque</span> <span class='ocrx_word' id='word_1_113' title='bbox 122 1223 248 1287; x_wconf 82' lang='lat' dir='ltr'>cumprimis</span> <span class='ocrx_word' id='word_1_114' title='bbox 259 1221 275 1268; x_wconf 86' lang='lat' dir='ltr'>sl</span> <span class='ocrx_word' id='word_1_115' title='bbox 287 1223 375 1287; x_wconf 84' lang='lat' dir='ltr'>quando</span> <span class='ocrx_word' id='word_1_116' title='bbox 386 1224 416 1270; x_wconf 90' lang='lat' dir='ltr'>illi</span> <span class='ocrx_word' id='word_1_117' title='bbox 427 1221 570 1271; x_wconf 78' lang='lat' dir='ltr'>honestorum</span> <span class='ocrx_word' id='word_1_118' title='bbox 577 1226 637 1272; x_wconf 90' lang='lat' dir='ltr'>viro-</span> 
     </span>
     <span class='ocr_line' id='line_1_19' title="bbox 47 1290 636 1358; baseline -0.002 -17"><span class='ocrx_word' id='word_1_119' title='bbox 47 1291 175 1356; x_wconf 78' lang='lat' dir='ltr'>rumscripta</span> <span class='ocrx_word' id='word_1_120' title='bbox 181 1292 204 1336; x_wconf 86' lang='lat' dir='ltr'>in</span> <span class='ocrx_word' id='word_1_121' title='bbox 212 1293 399 1354; x_wconf 83' lang='lat' dir='ltr'>contemptionem</span> <span class='ocrx_word' id='word_1_122' title='bbox 405 1290 588 1343; x_wconf 76' lang='lat' dir='ltr'>adducunt‚falsh</span> <span class='ocrx_word' id='word_1_123' title='bbox 596 1311 636 1358; x_wconf 90' lang='lat' dir='ltr'>pro</span> 
     </span>
     <span class='ocr_line' id='line_1_20' title="bbox 47 1356 636 1426; baseline -0.002 -18"><span class='ocrx_word' id='word_1_124' title='bbox 47 1360 164 1408; x_wconf 83' lang='lat' dir='ltr'>mendaciis</span> <span class='ocrx_word' id='word_1_125' title='bbox 171 1376 208 1424; x_wconf 88' lang='lat' dir='ltr'>per</span> <span class='ocrx_word' id='word_1_126' title='bbox 214 1375 251 1403; x_wconf 84' lang='lat' dir='ltr'>ora</span> <span class='ocrx_word' id='word_1_127' title='bbox 258 1356 375 1404; x_wconf 90' lang='lat' dir='ltr'>hominum</span> <span class='ocrx_word' id='word_1_128' title='bbox 381 1360 505 1415; x_wconf 79' lang='lat' dir='ltr'>traducunt,</span> <span class='ocrx_word' id='word_1_129' title='bbox 510 1359 636 1426; x_wconf 83' lang='lat' dir='ltr'>libellosque</span> 
     </span>
     <span class='ocr_line' id='line_1_21' title="bbox 46 1424 637 1492; baseline -0.003 -16"><span class='ocrx_word' id='word_1_130' title='bbox 46 1427 139 1477; x_wconf 86' lang='lat' dir='ltr'>famosos</span> <span class='ocrx_word' id='word_1_131' title='bbox 146 1424 242 1474; x_wconf 82' lang='lat' dir='ltr'>adversus</span> <span class='ocrx_word' id='word_1_132' title='bbox 249 1426 459 1491; x_wconf 82' lang='lat' dir='ltr'>illacomponuntac</span> <span class='ocrx_word' id='word_1_133' title='bbox 466 1425 539 1474; x_wconf 89' lang='lat' dir='ltr'>edunt.</span> <span class='ocrx_word' id='word_1_134' title='bbox 557 1429 637 1492; x_wconf 84' lang='lat' dir='ltr'>Neque</span> 
     </span>
     <span class='ocr_line' id='line_1_22' title="bbox 46 1492 637 1560; baseline -0.008 -15"><span class='ocrx_word' id='word_1_135' title='bbox 46 1500 110 1545; x_wconf 84' lang='lat' dir='ltr'>etiam</span> <span class='ocrx_word' id='word_1_136' title='bbox 117 1492 233 1543; x_wconf 70' lang='lat' dir='ltr'>istiusmodi</span> <span class='ocrx_word' id='word_1_137' title='bbox 239 1495 320 1552; x_wconf 77' lang='lat' dir='ltr'>imuriae</span> <span class='ocrx_word' id='word_1_138' title='bbox 331 1493 427 1560; x_wconf 71' lang='lat' dir='ltr'>legitime</span> <span class='ocrx_word' id='word_1_139' title='bbox 433 1494 516 1555; x_wconf 83' lang='lat' dir='ltr'>judiciis</span> <span class='ocrx_word' id='word_1_140' title='bbox 523 1494 637 1541; x_wconf 83' lang='lat' dir='ltr'>vindican-</span> 
     </span>
     <span class='ocr_line' id='line_1_23' title="bbox 47 1560 636 1627; baseline -0.008 -15"><span class='ocrx_word' id='word_1_141' title='bbox 47 1580 95 1623; x_wconf 73' lang='lat' dir='ltr'>tur,</span> <span class='ocrx_word' id='word_1_142' title='bbox 112 1564 190 1612; x_wconf 74' lang='lat' dir='ltr'>sedtuli</span> <span class='ocrx_word' id='word_1_143' title='bbox 201 1561 340 1607; x_wconf 87' lang='lat' dir='ltr'>nebulonum</span> <span class='ocrx_word' id='word_1_144' title='bbox 351 1560 499 1608; x_wconf 85' lang='lat' dir='ltr'>contubernio</span> <span class='ocrx_word' id='word_1_145' title='bbox 505 1564 578 1625; x_wconf 90' lang='lat' dir='ltr'>potius</span> <span class='ocrx_word' id='word_1_146' title='bbox 585 1579 636 1627; x_wconf 78' lang='lat' dir='ltr'>grs-</span> 
     </span>
     <span class='ocr_line' id='line_1_24' title="bbox 46 1626 637 1700; baseline -0.008 -20"><span class='ocrx_word' id='word_1_147' title='bbox 46 1635 86 1680; x_wconf 83' lang='lat' dir='ltr'>tias</span> <span class='ocrx_word' id='word_1_148' title='bbox 92 1632 246 1700; x_wconf 77' lang='lat' dir='ltr'>agi‚privilcgia</span> <span class='ocrx_word' id='word_1_149' title='bbox 252 1628 378 1675; x_wconf 70' lang='lat' dir='ltr'>Nobilitatis</span> <span class='ocrx_word' id='word_1_150' title='bbox 386 1626 478 1675; x_wconf 77' lang='lat' dir='ltr'>conferri</span> <span class='ocrx_word' id='word_1_151' title='bbox 483 1642 548 1694; x_wconf 80' lang='lat' dir='ltr'>atque</span> <span class='ocrx_word' id='word_1_152' title='bbox 556 1646 637 1675; x_wconf 88' lang='lat' dir='ltr'>munus</span> 
     </span>
     <span class='ocr_line' id='line_1_25' title="bbox 44 1694 636 1749; baseline -0.012 0"><span class='ocrx_word' id='word_1_153' title='bbox 44 1703 129 1749; x_wconf 76' lang='lat' dir='ltr'>lautum</span> <span class='ocrx_word' id='word_1_154' title='bbox 136 1700 246 1748; x_wconf 80' lang='lat' dir='ltr'>committi</span> <span class='ocrx_word' id='word_1_155' title='bbox 252 1696 332 1743; x_wconf 81' lang='lat' dir='ltr'>videus,</span> <span class='ocrx_word' id='word_1_156' title='bbox 340 1702 372 1743; x_wconf 82' lang='lat' dir='ltr'>lta</span> <span class='ocrx_word' id='word_1_157' title='bbox 378 1710 436 1742; x_wconf 78' lang='lat' dir='ltr'>amat</span> <span class='ocrx_word' id='word_1_158' title='bbox 442 1694 558 1742; x_wconf 84' lang='lat' dir='ltr'>hodiernus</span> <span class='ocrx_word' id='word_1_159' title='bbox 565 1696 636 1742; x_wconf 83' lang='lat' dir='ltr'>Mun-</span> 
     </span>
     <span class='ocr_line' id='line_1_26' title="bbox 48 1760 637 1830; baseline -0.015 -13"><span class='ocrx_word' id='word_1_160' title='bbox 48 1769 87 1817; x_wconf 91' lang='lat' dir='ltr'>dus</span> <span class='ocrx_word' id='word_1_161' title='bbox 94 1767 192 1816; x_wconf 81' lang='lat' dir='ltr'>infatuari</span> <span class='ocrx_word' id='word_1_162' title='bbox 207 1764 286 1812; x_wconf 76' lang='lat' dir='ltr'>talibus</span> <span class='ocrx_word' id='word_1_163' title='bbox 301 1765 431 1830; x_wconf 80' lang='lat' dir='ltr'>applaudens</span> <span class='ocrx_word' id='word_1_164' title='bbox 439 1760 574 1829; x_wconf 74' lang='lat' dir='ltr'>qualessamd</span> <span class='ocrx_word' id='word_1_165' title='bbox 580 1766 637 1810; x_wconf 88' lang='lat' dir='ltr'>viros</span> 
     </span>
     <span class='ocr_line' id='line_1_27' title="bbox 47 1829 636 1903; baseline -0.01 -20"><span class='ocrx_word' id='word_1_166' title='bbox 47 1835 148 1886; x_wconf 83' lang='lat' dir='ltr'>honestos</span> <span class='ocrx_word' id='word_1_167' title='bbox 155 1835 263 1903; x_wconf 79' lang='lat' dir='ltr'>spoliant,</span> <span class='ocrx_word' id='word_1_168' title='bbox 277 1848 341 1899; x_wconf 88' lang='lat' dir='ltr'>atquc</span> <span class='ocrx_word' id='word_1_169' title='bbox 353 1832 411 1900; x_wconf 84' lang='lat' dir='ltr'>apud</span> <span class='ocrx_word' id='word_1_170' title='bbox 417 1832 534 1898; x_wconf 75' lang='lat' dir='ltr'>Magnetes</span> <span class='ocrx_word' id='word_1_171' title='bbox 541 1829 580 1877; x_wconf 88' lang='lat' dir='ltr'>sihi</span> <span class='ocrx_word' id='word_1_172' title='bbox 585 1830 636 1877; x_wconf 89' lang='lat' dir='ltr'>inde</span> 
     </span>
     <span class='ocr_line' id='line_1_28' title="bbox 47 1901 638 1962; baseline -0.015 -9"><span class='ocrx_word' id='word_1_173' title='bbox 47 1904 199 1953; x_wconf 80' lang='lat' dir='ltr'>authoritatem</span> <span class='ocrx_word' id='word_1_174' title='bbox 213 1902 342 1953; x_wconf 80' lang='lat' dir='ltr'>concilient,</span> <span class='ocrx_word' id='word_1_175' title='bbox 356 1902 410 1949; x_wconf 89' lang='lat' dir='ltr'>dum</span> <span class='ocrx_word' id='word_1_176' title='bbox 420 1902 543 1948; x_wconf 86' lang='lat' dir='ltr'>Veritatem</span> <span class='ocrx_word' id='word_1_177' title='bbox 550 1901 638 1962; x_wconf 67' lang='lat' dir='ltr'>vitupe‹</span> 
     </span>
     <span class='ocr_line' id='line_1_29' title="bbox 47 1966 638 2029; baseline -0.014 -9"><span class='ocrx_word' id='word_1_178' title='bbox 47 1988 96 2020; x_wconf 79' lang='lat' dir='ltr'>rant</span> <span class='ocrx_word' id='word_1_179' title='bbox 105 1992 129 2021; x_wconf 89' lang='lat' dir='ltr'>ae</span> <span class='ocrx_word' id='word_1_180' title='bbox 140 1970 298 2029; x_wconf 80' lang='lat' dir='ltr'>conscelerant,</span> <span class='ocrx_word' id='word_1_181' title='bbox 314 1974 337 2016; x_wconf 63' lang='grc' dir='ltr'>ἃ</span> <span class='ocrx_word' id='word_1_182' title='bbox 347 1967 459 2018; x_wconf 81' lang='lat' dir='ltr'>mendacia</span> <span class='ocrx_word' id='word_1_183' title='bbox 470 1966 638 2015; x_wconf 76' lang='lat' dir='ltr'>architectantur</span> 
     </span>
     <span class='ocr_line' id='line_1_30' title="bbox 46 2036 636 2105; baseline -0.012 -17"><span class='ocrx_word' id='word_1_184' title='bbox 46 2041 73 2088; x_wconf 83' lang='lat' dir='ltr'>ad</span> <span class='ocrx_word' id='word_1_185' title='bbox 85 2040 238 2090; x_wconf 84' lang='lat' dir='ltr'>concitandum</span> <span class='ocrx_word' id='word_1_186' title='bbox 255 2039 332 2087; x_wconf 88' lang='lat' dir='ltr'>odium</span> <span class='ocrx_word' id='word_1_187' title='bbox 347 2044 457 2105; x_wconf 83' lang='lat' dir='ltr'>magnum</span> <span class='ocrx_word' id='word_1_188' title='bbox 471 2039 494 2083; x_wconf 90' lang='lat' dir='ltr'>iu</span> <span class='ocrx_word' id='word_1_189' title='bbox 509 2036 636 2101; x_wconf 80' lang='lat' dir='ltr'>proximum</span> 
     </span>
    </p>
   </div>
   <div class='ocr_carea' id='block_1_3' title="bbox 46 2105 637 2219">
    <p class='ocr_par' dir='ltr' id='par_1_3' title="bbox 46 2105 637 2219">
     <span class='ocr_line' id='line_1_31' title="bbox 46 2105 637 2219; baseline -0.014 -62"><span class='ocrx_word' id='word_1_190' title='bbox 46 2105 512 2174; x_wconf 80' lang='lat' dir='ltr'>suumapudMundumcredulum,quippe</span> <span class='ocrx_word' id='word_1_191' title='bbox 519 2105 557 2171; x_wconf 83' lang='lat' dir='ltr'>qui</span> <span class='ocrx_word' id='word_1_192' title='bbox 559 2119 637 2219; x_wconf 56' lang='lat' dir='ltr'>Jrpequc</span> 
     </span>
     <span class='ocr_line' id='line_1_32' title="bbox 225 2186 634 2218; baseline -0.017 6"><span class='ocrx_word' id='word_1_193' title='bbox 225 2206 229 2214; x_wconf 73' lang='lat'><em>‹</em></span> <span class='ocrx_word' id='word_1_194' title='bbox 584 2186 634 2218; x_wconf 87' lang='lat' dir='ltr'>eum</span> 
     </span>
    </p>
   </div>
   <div class='ocr_carea' id='block_1_4' title="bbox 0 0 664 2356">
    <p class='ocr_par' dir='ltr' id='par_1_4' title="bbox 0 0 664 2356">
     <span class='ocr_line' id='line_1_33' title="bbox 0 0 664 2356; baseline 0 0"><span class='ocrx_word' id='word_1_195' title='bbox 0 0 664 2356; x_wconf 95' lang='lat' dir='ltr'> </span> 
     </span>
    </p>
   </div>
  </div>
 </body>
</html>
