1256 2344
144 62 454 123 Caruncuu.
541 88 574 135 41

16 146 97 198 verder
103 146 140 196 usu
147 147 239 196 srliorum
245 149 311 209 foret,
326 149 576 216 utdparentibusintem-

18 231 69 283 pore
87 218 239 264 collocarentur
255 234 278 263 ac
294 218 423 266 traderentur
437 222 460 267 in
470 221 578 273 tabernam

20 284 55 331 vel
61 280 169 331 officinam
174 280 277 344 cujusdam
282 283 373 350 opificis,
384 285 504 335 velartisrcis
515 287 526 335 d
536 309 579 356 quo

22 346 123 396 discerent
134 383 141 400 ,
152 348 206 396 unde
214 352 236 396 in
247 349 292 398 casu
302 352 422 400 necessitatis
433 356 507 419 quovis
516 357 581 407 vitani

21 417 143 463 tolerarent
164 417 272 465 Pecuniosr
287 434 356 466 autem
371 421 409 467 suis
425 418 472 467 sreti
480 419 581 483 fortunis,
601 436 603 439 ’

23 484 149 547 opinantur,
160 481 202 531 suas
207 485 246 533 suis
252 484 319 532 liberis
325 503 374 551 opes
380 486 459 535 affatim
464 484 581 538 suffedturas

23 548 70 597 elle.
90 552 178 597 Atenim
189 551 204 598 sr
214 550 295 599 sortasse
306 554 352 600 talis
363 551 492 601 adversorum
499 552 583 604 casuum
614 589 616 592 ·

23 633 78 663 unus
90 631 152 681 atque
162 618 212 664 alter
222 619 344 677 inciderint,
359 636 382 668 ut
392 622 425 668 vel
435 620 487 668 aedes
496 620 583 670 ablastae

24 682 174 749 conflagrent,
194 686 227 732 vel
243 703 319 734 merces
333 685 424 750 preciosae
440 687 584 753 alpraedatoriis

24 764 143 815 pyratarum
149 750 234 802 navibus
240 751 364 810 arehantur,
375 755 408 801 vel
419 771 480 800 naves
491 757 520 801 vis
527 770 582 802 tem-

26 816 214 881 pestatisasllie'tans
225 818 336 885 deprimat,
348 822 379 868 vel
389 819 471 867 obaerati
481 820 583 868 debitores

27 883 117 939 evadant
127 884 246 936 detodores
257 885 396 953 aufugientes,
407 901 457 933 tunc
464 885 506 952 qud
511 884 530 933 se
535 905 582 935 ver=

27 965 86 1008 tant,
98 948 189 1003 nesciunt
195 971 202 1006 ;
217 956 350 1018 &quoniam
360 952 410 1001 nilril
420 956 495 1000 artium
509 953 583 1000 concli-

28 1016 136 1077 dicerunt,
143 1018 282 1070 undevidum
288 1022 403 1085 quaeritent,
413 1018 479 1084 vulgi)
486 1021 508 1064 in
514 1018 584 1084 despe-

28 1099 77 1141 ratae
89 1090 134 1132 vitae
146 1085 239 1136 homines
250 1085 383 1152 degenerant,
401 1082 464 1143 Unus
470 1086 543 1151 quippe
549 1085 585 1133 de-

28 1153 99 1207 relicta
104 1151 150 1218 post
160 1152 178 1199 se
188 1158 278 1220 conjuge
284 1150 371 1219 liberisq3
380 1152 423 1200 abit
429 1170 477 1199 cum
485 1156 586 1217 navigan

28 1215 584 1287 tibusinIndiam,ubinonpaucievaseruntpabulum

28 1288 62 1332 vel
73 1284 164 1332 scrutum
175 1288 207 1333 vel
217 1286 441 1354 anthropophagorum.
459 1285 519 1330 Alter
528 1301 588 1349 parua

30 1351 81 1417 stipe
92 1352 196 1405 menstrua
207 1353 296 1404 liberum
306 1352 364 1405 suum
370 1366 430 1418 caput
439 1349 508 1398 vendit
513 1352 589 1397 milita-

30 1422 82 1479 turis
89 1434 142 1466 terra
148 1423 252 1485 marique,
262 1418 393 1487 quoadusque
399 1416 460 1466 instar
466 1417 521 1464 canis
527 1416 590 1463 rabidi

31 1485 103 1542 misere
115 1487 277 1542 contrucidctur,
299 1489 373 1547 Caeteri
385 1491 393 1544 (
400 1483 532 1551 posteaquam
542 1481 591 1529 sub-

30 1552 128 1608 stantiam
133 1570 221 1605 omrrem
227 1553 370 1620 dilapiddrunt,
377 1558 398 1599 dc
407 1549 456 1598 γετὸ
462 1548 512 1595 nilnl
518 1549 591 1596 lucrosi
606 1617 608 1620 .

32 1613 591 1685 subprimordiaadolescentiaesuaedidicerunt,undose

34 1706 84 1734 cum
95 1686 193 1736 uxoribus
204 1689 312 1755 liberisque
322 1684 407 1733 honesld
414 1685 466 1730 alere
473 1687 562 1747 queant)
573 1679 592 1729 se

33 1757 56 1800 in
68 1757 109 1802 vita
120 1754 233 1803 aerumnosa
244 1775 267 1803 ac
282 1751 353 1803 viriosa
367 1748 462 1813 tantisper
476 1748 592 1804 collocant,

34 1824 86 1869 dnm
92 1824 141 1869 inea
148 1837 236 1887 pereant.
251 1817 428 1887 Qroddiscrinten
434 1832 496 1862 omne
503 1812 593 1887 ipsrsulr-

35 1887 139 1954 tersugere
151 1889 272 1954 potuissent,
282 1886 353 1952 siquid
363 1878 593 1962 frustuosrolinrperdr-

36 1956 135 2008 dicissent,
155 1955 281 2005 Perdidiciss‘e
292 1954 378 2014 fideliter
393 1966 444 1999 artes
453 1963 593 2002 ntecnarucas,

35 2024 146 2081 fortunatis
152 2024 239 2088 quidem
249 2016 378 2088 temporibus
384 2019 550 2076 multttrnjuvat3
565 2011 595 2058 fin

35 2106 106 2142 autem
112 2091 188 2141 insidat
193 2106 275 2159 ternpus
283 2104 341 2139 atrox
347 2105 369 2135 ac
375 2084 464 2140 difficilo
474 2080 596 2144 &conplu-
607 2131 609 2133 ψ

300 2156 345 2218 Cl
